@article{rosenblatt58a,
  added-at = {2009-10-27T06:49:28.000+0100},
  author = {Rosenblatt, Frank},
  biburl = {https://www.bibsonomy.org/bibtex/2afcce29c2471aaa8480d2c2159361e88/chrmina},
  description = {Thesis BIB},
  interhash = {dc0cef9dc06033a04f525efdcde7a660},
  intrahash = {afcce29c2471aaa8480d2c2159361e88},
  journal = {Psychological Review},
  keywords = {imported},
  number = 6,
  pages = {386-408},
  timestamp = {2009-10-27T06:49:30.000+0100},
  title = {The Perceptron: A Probabilistic Model for Information Storage and Organization in the Brain},
  volume = 65,
  year = 1958
}
